<record><leader>00000cas a22000007a 4500</leader><controlfield tag="001">22211205</controlfield><controlfield tag="008">900811d1uuu1uuuinuuu ne      0    0eng d</controlfield><datafield ind1=" " ind2=" " tag="010"><subfield code="a">sn 90099359 </subfield></datafield><datafield ind1=" " ind2=" " tag="040"><subfield code="a">NPI</subfield><subfield code="b">eng</subfield><subfield code="c">NPI</subfield><subfield code="d">OCLCQ</subfield></datafield><datafield ind1=" " ind2=" " tag="042"><subfield code="a">msc</subfield></datafield><datafield ind1="0" ind2=" " tag="130"><subfield code="a">Topeka herald (Topeka, Ind.)</subfield></datafield><datafield ind1="1" ind2="4" tag="245"><subfield code="a">The Topeka herald.</subfield></datafield><datafield ind1=" " ind2=" " tag="250"><subfield code="a">Woman's ed.</subfield></datafield><datafield ind1=" " ind2=" " tag="260"><subfield code="a">Topeka, LaGrange County, Ind. :</subfield><subfield code="b">W.D. Rheubottom</subfield></datafield><datafield ind1=" " ind2=" " tag="300"><subfield code="a">v. :</subfield><subfield code="b">ill.</subfield></datafield><datafield ind1=" " ind2=" " tag="588"><subfield code="a">Description based on: Apr. 1897.</subfield></datafield><datafield ind1=" " ind2=" " tag="752"><subfield code="a">United States</subfield><subfield code="b">Indiana</subfield><subfield code="c">LaGrange</subfield><subfield code="d">Topeka.</subfield></datafield></record>